<record><leader>00000cas a22000007a 4500</leader><controlfield tag="001">12616291</controlfield><controlfield tag="008">850930d19141947wiuwr ne      0    0eng d</controlfield><datafield ind1=" " ind2=" " tag="010"><subfield code="a">sn 85041314 </subfield></datafield><datafield ind1=" " ind2=" " tag="040"><subfield code="a">NPV</subfield><subfield code="b">eng</subfield><subfield code="c">NPV</subfield><subfield code="d">OCLCQ</subfield></datafield><datafield ind1=" " ind2=" " tag="042"><subfield code="a">msc</subfield></datafield><datafield ind1=" " ind2=" " tag="045"><subfield code="a">x1x4</subfield></datafield><datafield ind1=" " ind2=" " tag="052"><subfield code="a">4123</subfield><subfield code="b">W9</subfield></datafield><datafield ind1="0" ind2="4" tag="245"><subfield code="a">The Pittsville record and the Yellow River pilot.</subfield></datafield><datafield ind1="3" ind2="0" tag="246"><subfield code="a">Pittsville record</subfield></datafield><datafield ind1="1" ind2="3" tag="246"><subfield code="a">Pittsville record and Yellow River pilot</subfield></datafield><datafield ind1=" " ind2=" " tag="260"><subfield code="a">Pittsville, Wis. :</subfield><subfield code="b">C.E. McKee,</subfield><subfield code="c">1914-1947.</subfield></datafield><datafield ind1=" " ind2=" " tag="300"><subfield code="a">v. :</subfield><subfield code="b">ill.</subfield></datafield><datafield ind1=" " ind2=" " tag="310"><subfield code="a">Weekly</subfield></datafield><datafield ind1="0" ind2=" " tag="362"><subfield code="a">Vol. 5, no. 49 (July 15, 1914)-v. 39, no. 9 (Oct. 16, 1947).</subfield></datafield><datafield ind1=" " ind2=" " tag="500"><subfield code="a">Publisher varies.</subfield></datafield><datafield ind1=" " ind2=" " tag="500"><subfield code="a">Editor: C.E. McKee, July 15, 1914-April 16, 1928; D.M. McKee, Aug. 13, 1931-Aug. 8, 1940.</subfield></datafield><datafield ind1=" " ind2=" " tag="530"><subfield code="a">Available on microfilm from The State Historical Society of Wisconsin.</subfield></datafield><datafield ind1=" " ind2=" " tag="752"><subfield code="a">United States</subfield><subfield code="b">Wisconsin</subfield><subfield code="c">Wood</subfield><subfield code="d">Pittsville.</subfield></datafield><datafield ind1="0" ind2="0" tag="780"><subfield code="t">Pittsville record (Pittsville, Wis. : 1909)</subfield><subfield code="w">(DLC)sn 86086253</subfield></datafield><datafield ind1="0" ind2="0" tag="785"><subfield code="t">Pittsville record (Pittsville, Wis. : 1947)</subfield><subfield code="w">(DLC)sn 85041313</subfield></datafield><datafield ind1="1" ind2=" " tag="029"><subfield code="a">AU@</subfield><subfield code="b">000025812899</subfield></datafield></record>